@article{veytsmanlatex,
  title={\LaTeX\ Class for Association for Computing Machinery},
  author={Veytsman, Boris},
  year={2016},
}
@inproceedings{lau2017computational,
  title={Computational requirements for nano-machines: there is limited space at the bottom},
  author={Lau, Florian-Lennert Adrian and B{\"u}ther, Florian and Gerlach, Bennet},
  booktitle={Proceedings of the 4th ACM International Conference on Nanoscale Computing and Communication},
  pages={1--6},
  year={2017}
}