@article{veytsmanlatex,
  title={\LaTeX\ Class for Association for Computing Machinery},
  author={Veytsman, Boris},
  year={2016},
}
@inproceedings{lau2017computational,
  title={Computational requirements for nano-machines: there is limited space at the bottom},
  author={Lau, Florian-Lennert Adrian and B{\"u}ther, Florian and Gerlach, Bennet},
  booktitle={Proceedings of the 4th ACM International Conference on Nanoscale Computing and Communication},
  pages={1--6},
  year={2017}
}
@article{akyildiz2008nanonetworks,
  title={Nanonetworks: A new communication paradigm},
  author={Akyildiz, Ian F and Brunetti, Fernando and Bl{\'a}zquez, Cristina},
  journal={Computer Networks},
  volume={52},
  number={12},
  pages={2260--2279},
  year={2008},
  publisher={Elsevier}
}
@article{cobo2010bacteria,
  title={Bacteria-based communication in nanonetworks},
  author={Cobo, Luis C and Akyildiz, Ian F},
  journal={Nano Communication Networks},
  volume={1},
  number={4},
  pages={244--256},
  year={2010},
  publisher={Elsevier}
}